@report{3gpp.22.101,
  author = "3GPP",
  title = "{Service aspects; Service principles}",
  type = "TS",
  institution = "{3rd Generation Partnership Project (3GPP)}",
  number = "{22.101}",
  days = 24,
  month=sep.,
  year = 2008,
  url = "http://www.3gpp.org/ftp/Specs/html-info/22101.htm",
}

@inproceedings{tandale2020different,
  title={Different types of phishing attacks and detection techniques: A review},
  author={Tandale, Kiran D and Pawar, Sunil N},
  booktitle={2020 International Conference on Smart Innovations in Design, Environment, Management, Planning and Computing (ICSIDEMPC)},
  pages={295--299},
  year={2020},
  organization={IEEE},
  doi={10.1109/ICSIDEMPC49020.2020.9299624}
}

@inproceedings{apwg4rdquarter2022,
  title={Phishing Activity Trends Report, 4rd Quarter 2022},
  year={2022},
  organization={APWG},
  url={https://docs.apwg.org/reports/apwg_trends_report_q4_2022.pdf}
}

@inproceedings{apwg3rdquarter2020,
  title={Phishing Activity Trends Report, 3rd Quarter 2020},
  year={2020},
  organization={APWG},
  url={https://docs.apwg.org/reports/apwg_trends_report_q3_2020.pdf}
}

@inproceedings{enisa2020phishing,
  title={ENISA Threat Landscape 2020 - Phishing},
  year={2020},
  organization={ENISA},
  url={https://www.enisa.europa.eu/topics/cyber-threats/threats-and-trends/etl-review-folder/etl2020-phishing}
}

@article{li2021comprehensive,
  title={A comprehensive review study of cyber-attacks and cyber security; Emerging trends and recent developments},
  author={Li, Yuchong and Liu, Qinghui},
  journal={Energy Reports},
  volume={7},
  pages={8176--8186},
  year={2021},
  publisher={Elsevier},
  doi={10.1016/j.egyr.2021.08.126}
}

@inproceedings{cisa2023cyberattacks,
  title={CISA - Malware, Phishing, and Ransomware},
  year={2023},
  organization={CISA},
  url={https://www.cisa.gov/topics/cyber-threats-and-advisories/malware-phishing-and-ransomware}
}

@inproceedings{rabbi2023phishy,
  title={Phishy? Detecting Phishing Emails Using ML and NLP},
  author={Rabbi, Md Fazle and Champa, Arifa I and Zibran, Minhaz F},
  booktitle={2023 IEEE/ACIS 21st International Conference on Software Engineering Research, Management and Applications (SERA)},
  pages={77--83},
  year={2023},
  organization={IEEE},
  doi={10.1109/SERA57763.2023.10197758}
}

@CONFERENCE{Kumar2023222,
	author = {Kumar, Joney},
	title = {Hybrid Feature-Based Machine Learning Method for Phishing URL Detection},
	year = {2023},
	journal = {ICSCCC 2023 - 3rd International Conference on Secure Cyber Computing and Communications},
	pages = {222 – 227},
	doi = {10.1109/ICSCCC58608.2023.10176901},
	type = {Conference paper},
	publication_stage = {Final},
	source = {Scopus},
	note = {Cited by: 0}
}

@CONFERENCE{Karhani2023206,
	author = {Karhani, Hadi El and Jamal, Riad Al and Samra, Yorgo Bou and Elhajj, Imad H. and Kayssi, Ayman},
	title = {Phishing and Smishing Detection Using Machine Learning},
	year = {2023},
	journal = {Proceedings of the 2023 IEEE International Conference on Cyber Security and Resilience, CSR 2023},
	pages = {206 – 211},
	doi = {10.1109/CSR57506.2023.10224954},
	type = {Conference paper},
	publication_stage = {Final},
	source = {Scopus},
	note = {Cited by: 0}
}

@ARTICLE{Benavides-Astudillo2023,
	author = {Benavides-Astudillo, Eduardo and Fuertes, Walter and Sanchez-Gordon, Sandra and Nuñez-Agurto, Daniel and Rodríguez-Galán, Germán},
	title = {A Phishing-Attack-Detection Model Using Natural Language Processing and Deep Learning},
	year = {2023},
	journal = {Applied Sciences (Switzerland)},
	volume = {13},
	number = {9},
	doi = {10.3390/app13095275},
	type = {Article},
	publication_stage = {Final},
	source = {Scopus},
	note = {Cited by: 2; All Open Access, Gold Open Access}
}

@ARTICLE{Shaukat2023,
	author = {Shaukat, Muhammad Waqas and Amin, Rashid and Muslam, Muhana Magboul Ali and Alshehri, Asma Hassan and Xie, Jiang},
	title = {A Hybrid Approach for Alluring Ads Phishing Attack Detection Using Machine Learning},
	year = {2023},
	journal = {Sensors},
	volume = {23},
	number = {19},
	doi = {10.3390/s23198070},
	type = {Article},
	publication_stage = {Final},
	source = {Scopus},
	note = {Cited by: 0; All Open Access, Gold Open Access}
}

@INPROCEEDINGS{8257764,
  author={Hijawi, Wadi' and Faris, Hossam and Alqatawna, Ja'far and Al-Zoubi, Ala' M. and Aljarah, Ibrahim},
  booktitle={2017 IEEE Jordan Conference on Applied Electrical Engineering and Computing Technologies (AEECT)}, 
  title={Improving email spam detection using content based feature engineering approach}, 
  year={2017},
  pages={1-6},
  doi={10.1109/AEECT.2017.8257764}
}

@INPROCEEDINGS{vacek2014survive,
  author={Vacek, Miloš},
  booktitle={2014 IEEE 9th IEEE International Symposium on Applied Computational Intelligence and Informatics (SACI)}, 
  title={How to survive email}, 
  year={2014},
  pages={49-54},
  doi={10.1109/SACI.2014.6840097}}

@article{durscheid2013email,
  title={Email communication},
  author={D{\"u}rscheid, Christa and Frehner, Carmen and Herring, Susan C and Stein, Dieter and Virtanen, Tuija},
  journal={Handbooks of Pragmatics [HOPS]},
  number={9},
  pages={35--54},
  year={2013},
  publisher={de Gruyter},
  doi={10.1515/9783110214468.35}
}

@inproceedings{kooti2015evolution,
  title={Evolution of conversations in the age of email overload},
  author={Kooti, Farshad and Aiello, Luca Maria and Grbovic, Mihajlo and Lerman, Kristina and Mantrach, Amin},
  booktitle={Proceedings of the 24th international conference on world wide web},
  pages={603--613},
  year={2015},
  doi={10.1145/2736277.2741130}
}

% rfc reference example
@misc{rfc5321,
    series =    {Request for Comments},
    number =    5321,
    howpublished =  {RFC 5321},
    publisher = {RFC Editor},
    doi =       {10.17487/RFC5321},
    url =       {https://www.rfc-editor.org/info/rfc5321},
        author =    {Dr. John C. Klensin},
    title =     {{Simple Mail Transfer Protocol}},
    pagetotal = 95,
    year =      2008,
    month =     oct
}

@misc{rfc5322,
    series =    {Request for Comments},
    number =    5322,
    howpublished =  {RFC 5322},
    publisher = {RFC Editor},
    doi =       {10.17487/RFC5322},
    url =       {https://www.rfc-editor.org/info/rfc5322},
        author =    {Pete Resnick},
    title =     {{Internet Message Format}},
    pagetotal = 57,
    year =      2008,
    month =     oct
}

@misc{rfc1939,
    series =    {Request for Comments},
    number =    1939,
    howpublished =  {RFC 1939},
    publisher = {RFC Editor},
    doi =       {10.17487/RFC1939},
    url =       {https://www.rfc-editor.org/info/rfc1939},
    author =    {Dr. Marshall T. Rose and John G. Myers},
    title =     {{Post Office Protocol - Version 3}},
    pagetotal = 23,
    year =      1996,
    month =     may
}

@misc{rfc9051,
    series =    {Request for Comments},
    number =    9051,
    howpublished =  {RFC 9051},
    publisher = {RFC Editor},
    doi =       {10.17487/RFC9051},
    url =       {https://www.rfc-editor.org/info/rfc9051},
    author =    {Alexey Melnikov and Barry Leiba},
    title =     {{Internet Message Access Protocol (IMAP) - Version 4rev2}},
    pagetotal = 163,
    year =      2021,
    month =     aug
}

@CONFERENCE{Abadla202312,
	author = {Abadla, Reema and Alseiari, Abdulrahman and Alheili, Ali and Daoud, Mohammad Sh. and Al-Mimi, Hani M.},
	title = {Intelligent Phishing Email Detection with Multi-Feature Analysis (IPED-MFA)},
	year = {2023},
	journal = {2023 International Conference on Intelligent Computing, Communication, Networking and Services, ICCNS 2023},
	pages = {12 – 18},
	doi = {10.1109/ICCNS58795.2023.10193714}
}

@article{butavicius2022people,
  title={Why people keep falling for phishing scams: The effects of time pressure and deception cues on the detection of phishing emails},
  author={Butavicius, Marcus and Taib, Ronnie and Han, Simon J},
  journal={Computers \& Security},
  volume={123},
  pages={102937},
  year={2022},
  publisher={Elsevier},
  doi={10.1016/j.cose.2022.102937}
}

@article{SALLOUM202119,
title = {Phishing Email Detection Using Natural Language Processing Techniques: A Literature Survey},
author = {Said Salloum and Tarek Gaber and Sunil Vadera and Khaled Shaalan},
journal = {Procedia Computer Science},
volume = {189},
pages = {19-28},
year = {2021},
doi = {https://doi.org/10.1016/j.procs.2021.05.077},
}

@CONFERENCE{Sathish20231612,
	author = {Sathish, C. and Mahesh, A. and Karpagam, N. Shunmuga and Vasugi, R. and Indumathi, J. and Kanchana, T.},
	title = {Intelligent Email Automation Analysis Driving through Natural Language Processing (NLP)},
	year = {2023},
	journal = {Proceedings of the 2023 2nd International Conference on Electronics and Renewable Systems, ICEARS 2023},
	pages = {1612 – 1616},
	doi = {10.1109/ICEARS56392.2023.10085351},
	type = {Conference paper},
}

@ARTICLE{Gutierrez2018988,
	author = {Gutierrez, Christopher N. and Kim, Taegyu and Corte, Raffaele Della and Avery, Jeffrey and Goldwasser, Dan and Cinque, Marcello and Bagchi, Saurabh},
	title = {Learning from the ones that got away: Detecting new forms of phishing attacks},
	year = {2018},
	journal = {IEEE Transactions on Dependable and Secure Computing},
	volume = {15},
	number = {6},
	pages = {988 – 1001},
	doi = {10.1109/TDSC.2018.2864993},
	type = {Article},
}

@CONFERENCE{Vazhayil201869,
	author = {Vazhayil, Anu and Harikrishnan, N.B. and Vinayakumar, R. and Soman, K.P.},
	title = {PED-ML: Phishing email detection using classical machine learning techniques CENSec@Amrita},
	year = {2018},
	journal = {CEUR Workshop Proceedings},
	volume = {2124},
	pages = {69 - 76},
	type = {Conference paper},
	publication_stage = {Final},
}

@INPROCEEDINGS{10085351,
  author={Sathish, C. and Mahesh, A. and Karpagam, N. Shunmuga and Vasugi, R. and Indumathi, J. and Kanchana, T.},
  booktitle={2023 Second International Conference on Electronics and Renewable Systems (ICEARS)}, 
  title={Intelligent Email Automation Analysis Driving through Natural Language Processing (NLP)}, 
  year={2023},
  volume={},
  number={},
  pages={1612-1616},
  doi={10.1109/ICEARS56392.2023.10085351}}

@article{SAILUNAZ2019101003,
title = {Emotion and sentiment analysis from Twitter text},
journal = {Journal of Computational Science},
volume = {36},
pages = {101003},
year = {2019},
issn = {1877-7503},
doi = {https://doi.org/10.1016/j.jocs.2019.05.009},
author = {Kashfia Sailunaz and Reda Alhajj}
}

@article{ALHOGAIL2021102414,
title = {Applying machine learning and natural language processing to detect phishing email},
journal = {Computers \& Security},
volume = {110},
pages = {102414},
year = {2021},
issn = {0167-4048},
doi = {https://doi.org/10.1016/j.cose.2021.102414},
author = {Areej Alhogail and Afrah Alsabih}
}

@ARTICLE{8701426,
  author={Fang, Yong and Zhang, Cheng and Huang, Cheng and Liu, Liang and Yang, Yue},
  journal={IEEE Access}, 
  title={Phishing Email Detection Using Improved RCNN Model With Multilevel Vectors and Attention Mechanism}, 
  year={2019},
  volume={7},
  number={},
  pages={56329-56340},
  doi={10.1109/ACCESS.2019.2913705}
}

@article{atawneh2023phishing,
  title={Phishing Email Detection Model Using Deep Learning},
  author={Atawneh, Samer and Aljehani, Hamzah},
  journal={Electronics},
  volume={12},
  number={20},
  pages={4261},
  year={2023},
  publisher={MDPI},
  doi={https://doi.org/10.3390/electronics12204261}
}
